@misc{Twitter,
    author = "Elon Musk",
    title = "Use Signal",
    year = 2021,
    url = {https://twitter.com/elonmusk/status/1347165127036977153},
    note = "[Online; accessed 11-June-2021]"
}

@misc{Guardian,
    author = "The Guardian",
    title = "WhatsApp to try again to change privacy policy in mid-May",
    year = 2021,
    url = {https://www.theguardian.com/technology/2021/feb/22/whatsapp-to-try-again-to-change-privacy-policy-in-mid-may},
    note = "[Online; accessed 11-June-2021]"
}

@misc{Business,
    author = "Business of Apps",
    year = 2021,
    url = {https://www.businessofapps.com/data/},
    note = "[Online; accessed 11-June-2021]"
}

@misc{Statistia,
    author = "Statistia",
    year = 2021,
    url = {https://de.statista.com/statistik/daten/studie/445619/umfrage/nutzer-des-schweizer-messaging-dienstes-threema/},
    note = "[Online; accessed 11-June-2021]"
}

@misc{Threema,
    author = "Threema",
    year = 2021,
    url = {https://threema.ch/press-files/2_documentation/cryptography_whitepaper.pdf},
    note = "[Online; accessed 11-June-2021]"
}

@misc{Sesame,
    author = "Signal",
    year = 2017,
    url = {https://signal.org/docs/specifications/sesame/},
    note = "[Online; accessed 14-June-2021]"
}

@misc{DoubleRatchet,
    author = "Signal",
    year = 2016,
    url = {https://signal.org/docs/specifications/doubleratchet/},
    note = "[Online; accessed 14-June-2021]"
}

@misc{SignalGroupsOld,
    author = "Signal",
    year = 2014,
    url = {https://signal.org/blog/private-groups/},
    note = "[Online; accessed 14-June-2021]"
}

@misc{SignalGroupsNew,
    author = "Signal",
    year = 2019,
    url = {https://signal.org/blog/signal-private-group-system/},
    note = "[Online; accessed 14-June-2021]"
}

@misc{WhatsApp,
    author = "WhatsApp",
    year = 2020,
    url = {https://scontent.whatsapp.net/v/t39.8562-34/122249142_469857720642275_2152527586907531259_n.pdf/WA_Security_WhitePaper.pdf?ccb=1-3&_nc_sid=2fbf2a&_nc_ohc=4gUTqrRAtBgAX9hn0y8&_nc_ht=scontent.whatsapp.net&oh=3e07a3f8f739bfd118606be0121e509d&oe=60ECAB19},
    note = "[Online; accessed 14-June-2021]"
}

@misc{Express,
    author = "Express",
    year = 2021,
    url = {https://expressjs.com/},
    note = "[Online; accessed 14-June-2021]"
}

